@article{ligo2017gravitational,
	author = {Collaboration, LIGO Scientific and Collaboration, Virgo and Collaboration, 1M2H and Collaboration, Dark Energy Camera GW-EM and Collaboration, DES and Collaboration, DLT40 and Collaboration, Las Cumbres Observatory and Collaboration, VINROUGE and Collaboration, MASTER and others},
	journal = {Nature},
	localfile = {ligo2017gravitational.pdf},
	number = {7678},
	pages = {85--88},
	publisher = {Nature Research},
	title = {A gravitational-wave standard siren measurement of the Hubble constant},
	volume = {551},
	year = {2017}
}

@article{abbott2017all,
	author = {Abbott, Benjamin P and Abbott, Rich and Abbott, TD and Acernese, Fausto and Ackley, Kendall and Adams, Carl and Adams, Thomas and Addesso, Paolo and Adhikari, RX and Adya, VB and others},
	journal = {Physical Review D},
	localfile = {abbott2017all.pdf},
	number = {6},
	pages = {062002},
	publisher = {APS},
	title = {All-sky search for periodic gravitational waves in the O1 LIGO data},
	volume = {96},
	year = {2017}
}

@article{abbott2018constraints,
	author = {Abbott, Benjamin P and Abbott, Rich and Abbott, Thomas D and Acernese, Fausto and Ackley, Kendall and Adams, Carl and Adams, Thomas and Addesso, Paolo and Adhikari, Rana X and Adya, Vaishali B and others},
	journal = {Physical Review D},
	localfile = {abbott2018constraints.pdf},
	number = {10},
	pages = {102002},
	publisher = {APS},
	title = {Constraints on cosmic strings using data from the first Advanced LIGO observing run},
	volume = {97},
	year = {2018}
}

@article{abbott2017estimating,
	author = {Abbott, Benjamin P and Abbott, Robert and Abbott, TD and Acernese, Fausto and Ackley, K and Adams, C and Adams, T and Addesso, P and Adhikari, RX and Adya, VB and others},
	journal = {The Astrophysical Journal Letters},
	localfile = {abbott2017estimating.pdf},
	number = {2},
	pages = {L39},
	publisher = {IOP Publishing},
	title = {Estimating the contribution of dynamical ejecta in the kilonova associated with GW170817},
	volume = {850},
	year = {2017}
}

@article{abbott2017first,
	author = {Abbott, Benjamin P and Abbott, Rich and Abbott, Thomas D and Acernese, Fausto and Ackley, Kendall and Adams, Carl and Adams, Thomas and Addesso, Paolo and Adhikari, Rana X and Adya, Vaishali B and others},
	journal = {Physical Review D},
	localfile = {abbott2017first.pdf},
	number = {12},
	pages = {122004},
	publisher = {APS},
	title = {First low-frequency Einstein@ Home all-sky search for continuous gravitational waves in Advanced LIGO data},
	volume = {96},
	year = {2017}
}

@article{abbott2017firstnarrow,
	author = {Abbott, Benjamin P and Abbott, Rich and Abbott, Thomas D and Acernese, Fausto and Ackley, Kendall and Adams, Carl and Adams, Thomas and Addesso, Paolo and Adhikari, Rana X and Adya, Vaishali B and others},
	journal = {Physical Review D},
	localfile = {abbott2017firstnarrow.pdf},
	number = {12},
	pages = {122006},
	publisher = {APS},
	title = {First narrow-band search for continuous gravitational waves from known pulsars in advanced detector data},
	volume = {96},
	year = {2017}
}

@article{abbott2018first,
	author = {Abbott, Benjamin P and Abbott, Robert and Abbott, Thomas D and Acernese, Fausto and Ackley, K and Adams, C and Adams, T and Addesso, P and Adhikari, RX and Adya, VB and others},
	journal = {Physical review letters},
	localfile = {abbott2018first.pdf},
	number = {3},
	pages = {031104},
	publisher = {APS},
	title = {First search for nontensorial gravitational waves from known pulsars},
	volume = {120},
	year = {2018}
}

@article{abbott2018full,
	author = {Abbott, Benjamin P and Abbott, Rich and Abbott, Thomas D and Acernese, Fausto and Ackley, Kendall and Adams, Carl and Adams, Thomas and Addesso, Paolo and Adhikari, Rana X and Adya, Vaishali B and others},
	journal = {Physical Review D},
	localfile = {abbott2018full.pdf},
	number = {10},
	pages = {102003},
	publisher = {APS},
	title = {Full band all-sky search for periodic gravitational waves in the O1 LIGO data},
	volume = {97},
	year = {2018}
}

@article{abbott2017gravitational,
	author = {Abbott, Benjamin P and Abbott, Robert and Abbott, TD and Acernese, F and Ackley, K and Adams, C and Adams, T and Addesso, P and Adhikari, RX and Adya, VB and others},
	journal = {The Astrophysical Journal Letters},
	localfile = {abbott2017gravitational.pdf},
	number = {2},
	pages = {L13},
	publisher = {IOP Publishing},
	title = {Gravitational waves and gamma-rays from a binary neutron star merger: GW170817 and GRB 170817A},
	volume = {848},
	year = {2017}
}

@article{scientific2017gw170104,
	author = {Scientific, LIGO and Abbott, BP and Abbott, R and Abbott, TD and Acernese, F and Ackley, K and Adams, C and Adams, T and Addesso, P and Adhikari, RX and others},
	journal = {Physical review letters},
	localfile = {scientific2017gw170104.pdf},
	number = {22},
	pages = {221101},
	publisher = {APS},
	title = {GW170104: observation of a 50-solar-mass binary black hole coalescence at redshift 0.2},
	volume = {118},
	year = {2017}
}

@article{abbott2017gw170608,
	author = {Abbott, Benjamin P and Abbott, R and Abbott, TD and Acernese, Fausto and Ackley, K and Adams, C and Adams, T and Addesso, P and Adhikari, RX and Adya, VB and others},
	journal = {The Astrophysical Journal Letters},
	localfile = {abbott2017gw170608.pdf},
	number = {2},
	pages = {L35},
	publisher = {IOP Publishing},
	title = {GW170608: observation of a 19 solar-mass binary black hole coalescence},
	volume = {851},
	year = {2017}
}

@article{abbott2017gw170814,
	author = {Abbott, Benjamin P and Abbott, Richard and Abbott, TD and Acernese, F and Ackley, K and Adams, C and Adams, T and Addesso, P and Adhikari, Rana X and Adya, VB and others},
	journal = {Physical review letters},
	localfile = {abbott2017gw170814.pdf},
	number = {14},
	pages = {141101},
	publisher = {APS},
	title = {GW170814: a three-detector observation of gravitational waves from a binary black hole coalescence},
	volume = {119},
	year = {2017}
}

@article{abbott2017gw170817,
	author = {Abbott, Benjamin P and Abbott, Rich and Abbott, TD and Acernese, Fausto and Ackley, Kendall and Adams, Carl and Adams, Thomas and Addesso, Paolo and Adhikari, RX and Adya, VB and others},
	journal = {Physical Review Letters},
	localfile = {abbott2017gw170817.pdf},
	number = {16},
	pages = {161101},
	publisher = {APS},
	title = {GW170817: observation of gravitational waves from a binary neutron star inspiral},
	volume = {119},
	year = {2017}
}

@article{abbott2018gw170817,
	author = {Abbott, Benjamin P and Abbott, Rich and Abbott, Thomas D and Acernese, Fausto and Ackley, Kendall and Adams, Carl and Adams, Thomas and Addesso, Paolo and Adhikari, Rana X and Adya, Vaishali B and others},
	journal = {Physical review letters},
	localfile = {abbott2018gw170817.pdf},
	number = {9},
	pages = {091101},
	publisher = {APS},
	title = {GW170817: implications for the stochastic gravitational-wave background from compact binary coalescences},
	volume = {120},
	year = {2018}
}

@article{abbott2018gw170817measurements,
	author = {Abbott, Benjamin P and Abbott, Richard and Abbott, TD and Acernese, F and Ackley, K and Adams, C and Adams, T and Addesso, P and Adhikari, Rana X and Adya, Vaishali B and others},
	journal = {Physical review letters},
	localfile = {abbott2018gw170817measurements.pdf},
	number = {16},
	pages = {161101},
	publisher = {APS},
	title = {GW170817: Measurements of neutron star radii and equation of state},
	volume = {121},
	year = {2018}
}

@article{abbott2017multi,
	author = {Abbott, Benjamin P and Bloemen, S and Canizares, P and Falcke, H and Fender, RP and Ghosh, S and Groot, P and Hinderer, T and H{\"o}randel, JR and Jonker, PG and others},
	doi = {10.3847/2041-8213/aa93fc},
	localfile = {abbott2017multi.pdf},
	month = {dec},
	number = {2},
	pages = {L40},
	publisher = {American Astronomical Society},
	title = {Multi-messenger observations of a binary neutron star merger},
	url = {https://doi.org/10.3847/2041-8213/aa93fc},
	volume = {850},
	year = 2017
}

@article{abbott2017progenitor,
	author = {Abbott, Benjamin P and Abbott, R and Abbott, TD and Acernese, F and Ackley, K and Adams, C and Adams, T and Addesso, P and Adhikari, RX and Adya, VB and others},
	journal = {The Astrophysical Journal Letters},
	localfile = {abbott2017progenitor.pdf},
	number = {2},
	pages = {L40},
	publisher = {IOP Publishing},
	title = {On the progenitor of binary neutron star merger GW170817},
	volume = {850},
	year = {2017}
}

@article{abbott2019properties,
	author = {Abbott, BP and Abbott, R and Abbott, TD and Acernese, F and Ackley, K and Adams, C and Adams, T and Addesso, P and Adhikari, RX and Adya, VB and others},
	journal = {Physical Review X},
	localfile = {abbott2019properties.pdf},
	number = {1},
	pages = {011001},
	publisher = {APS},
	title = {Properties of the binary neutron star merger GW170817},
	volume = {9},
	year = {2019}
}

@article{abbott2017searchscorpius,
	author = {Abbott, Benjamin P and Abbott, Rich and Abbott, Thomas D and Acernese, Fausto and Ackley, Kendall and Adams, Carl and Adams, Thomas and Addesso, Paolo and Adhikari, Rana X and Adya, Vaishali B and others},
	journal = {Physical Review D},
	localfile = {abbott2017searchscorpius.pdf},
	number = {12},
	pages = {122003},
	publisher = {APS},
	title = {Search for gravitational waves from Scorpius X-1 in the first Advanced LIGO observing run with a hidden Markov model},
	volume = {95},
	year = {2017}
}

@article{collaboration2017search,
	author = {Collaboration, LIGO Scientific and Collaboration, Virgo},
	journal = {The Astrophysical Journal Letters},
	localfile = {collaboration2017search.html},
	number = {L35},
	pages = {18pp},
	title = {Search for High-energy Neutrinos from Binary Neutron Star Merger GW170817 with ANTARES, IceCube, and the Pierre Auger Observatory},
	volume = {850},
	year = {2017}
}

@article{abbott2017searchintermediate,
	author = {Abbott, Benjamin P and Abbott, Rich and Abbott, Thomas D and Acernese, Fausto and Ackley, Kendall and Adams, Carl and Adams, Thomas and Addesso, Paolo and Adhikari, Rana X and Adya, Vaishali B and others},
	journal = {Physical Review D},
	localfile = {abbott2017searchintermediate.pdf},
	number = {2},
	pages = {022001},
	publisher = {APS},
	title = {Search for intermediate mass black hole binaries in the first observing run of Advanced LIGO},
	volume = {96},
	year = {2017}
}

@article{abbott2017searchpost,
	author = {Abbott, Benjamin P and Abbott, R and Abbott, TD and Acernese, Fausto and Ackley, K and Adams, C and Adams, T and Addesso, P and Adhikari, Rana X and Adya, VB and others},
	journal = {The Astrophysical Journal Letters},
	localfile = {abbott2017searchpost.pdf},
	number = {1},
	pages = {L16},
	publisher = {IOP Publishing},
	title = {Search for post-merger gravitational waves from the remnant of the binary neutron star merger GW170817},
	volume = {851},
	year = {2017}
}

@article{abbott2018searchsubsolar,
	author = {Abbott, BP and Abbott, Richard and Abbott, TD and Acernese, F and Ackley, K and Adams, C and Adams, T and Addesso, P and Adhikari, Rana X and Adya, Vaishali B and others},
	journal = {Physical review letters},
	localfile = {abbott2018searchsubsolar.pdf},
	number = {23},
	pages = {231103},
	publisher = {APS},
	title = {Search for subsolar-mass ultracompact binaries in Advanced LIGO{\rq}s first observing run},
	volume = {121},
	year = {2018}
}

@article{abbott2018searchtensor,
	author = {Abbott, Benjamin P and Abbott, Richard and Abbott, Thomas D and Acernese, Fausto and Ackley, K and Adams, C and Adams, T and Addesso, P and Adhikari, Rana X and Adya, VB and others},
	journal = {Physical review letters},
	localfile = {abbott2018searchtensor.pdf},
	number = {20},
	pages = {201102},
	publisher = {APS},
	title = {Search for tensor, vector, and scalar polarizations in the stochastic gravitational-wave background},
	volume = {120},
	year = {2018}
}

@article{abbott2017upper,
	author = {Abbott, Benjamin P and Abbott, R and Abbott, TD and Acernese, F and Ackley, K and Adams, C and Adams, T and Addesso, P and Adhikari, RX and Adya, VB and others},
	journal = {The Astrophysical Journal},
	localfile = {abbott2017upper.pdf},
	number = {1},
	pages = {47},
	publisher = {IOP Publishing},
	title = {Upper limits on gravitational waves from Scorpius X-1 from a model-based cross-correlation search in advanced LIGO data},
	volume = {847},
	year = {2017}
}

