@article{lai2018constraining,
	author = {Lai, Kwun-Hang and Li, Tjonnie Guang Feng},
	journal = {Physical Review D},
	localfile = {lai2018constraining.pdf},
	number = {8},
	pages = {084059},
	publisher = {APS},
	title = {Constraining black hole horizon effects by LIGO-Virgo detections of inspiralling binary black holes},
	volume = {98},
	year = {2018}
}

@article{lai2018discovering,
	author = {Lai, Kwun-Hang and Hannuksela, Otto A and Herrera-Mart\'{\i}n, Antonio and Diego, Jose M and Broadhurst, Tom and Li, Tjonnie GF},
	journal = {Physical Review D},
	localfile = {lai2018discovering.pdf},
	number = {8},
	pages = {083005},
	publisher = {APS},
	title = {Discovering intermediate-mass black hole lenses through gravitational wave lensing},
	volume = {98},
	year = {2018}
}

@inproceedings{lai2021issi,
  author    = {Lai, Kwun Hang and
               Vincent A. Traag and
               Ludo Waltman},
  editor    = {Wolfgang Glanzel and
               Sarah Heeffer and
               Pei-Shan Chi and
               Ronald Rousseau},
  title     = {Constructing models of academic funding system: relation between the amount of funding and the efficiency},
  booktitle = {Proceedings of the 18th International Conference of the International Society for Scientometrics and Informetrics,
               Leuven, Belgium},
  pages     = {621--632},
  publisher = {{ISSI} Society},
  year      = {2021},
  doi       = {10.5281/zenodo.8143367},
  url       = {https://doi.org/10.5281/zenodo.8143367},
}

@software{relativitization,
  author       = {Lai, Kwun Hang},
  title        = {Relativitization},
  year         = 2022,
  doi          = {10.5281/zenodo.6120765},
  url          = {https://doi.org/10.5281/zenodo.6120765},
  howpublished = {https://github.com/Adriankhl/relativitization},
}

@misc{lai2022simulation,
  doi = {10.48550/ARXIV.2206.11019},
  url = {https://arxiv.org/abs/2206.11019},
  author = {Lai, Kwun Hang},
  keywords = {Physics and Society (physics.soc-ph), FOS: Physical sciences, FOS: Physical sciences},
  title = {On social simulation in 4D relativistic spacetime},
  publisher = {arXiv},
  booktitle = {Advances in Social Simulation - Proceedings of the 17th Social Simulation Conference, European Social Simulation Association},
  year = {2022},
  copyright = {Creative Commons Attribution 4.0 International}
}

@misc{lai_kwun_hang_2023_8140436,
  author       = {Lai, Kwun Hang},
  title        = {Interstellar knowledge dynamics},
  month        = jul,
  year         = 2023,
  publisher    = {Zenodo},
  doi          = {10.5281/zenodo.8140436},
  url          = {https://doi.org/10.5281/zenodo.8140436},
  booktitle = {Advances in Social Simulation - Proceedings of the 18th Social Simulation Conference, European Social Simulation Association},
}
