@article{lai2018constraining,
	author = {Lai, Kwun-Hang and Li, Tjonnie Guang Feng},
	journal = {Physical Review D},
	localfile = {lai2018constraining.pdf},
	number = {8},
	pages = {084059},
	publisher = {APS},
	title = {Constraining black hole horizon effects by LIGO-Virgo detections of inspiralling binary black holes},
	volume = {98},
	year = {2018}
}

@article{lai2018discovering,
	author = {Lai, Kwun-Hang and Hannuksela, Otto A and Herrera-Mart\'{\i}n, Antonio and Diego, Jose M and Broadhurst, Tom and Li, Tjonnie GF},
	journal = {Physical Review D},
	localfile = {lai2018discovering.pdf},
	number = {8},
	pages = {083005},
	publisher = {APS},
	title = {Discovering intermediate-mass black hole lenses through gravitational wave lensing},
	volume = {98},
	year = {2018}
}

@inproceedings{lai2021issi,
  author    = {Lai Kwun Hang and
               Vincent A. Traag and
               Ludo Waltman},
  editor    = {Wolfgang Glanzel and
               Sarah Heeffer and
               Pei-Shan Chi and
               Ronald Rousseau},
  title     = {Constructing models of academic funding system: relation between the amount of funding and the efficiency},
  booktitle = {Proceedings of the 18th International Conference of the International Society for Scientometrics and Informetrics,
               Leuven, Belgium, July 12-15, 2021},
  pages     = {621--632},
  publisher = {{ISSI} Society},
  year      = {2021},
}
